<record><leader>00000cas a22000007a 4500</leader><controlfield tag="001">17500313</controlfield><controlfield tag="008">880218d19601970lauwr ne      0    0eng d</controlfield><datafield ind1=" " ind2=" " tag="010"><subfield code="a">sn 88064144 </subfield></datafield><datafield ind1=" " ind2=" " tag="040"><subfield code="a">LNP</subfield><subfield code="b">eng</subfield><subfield code="c">LNP</subfield><subfield code="d">OCLCQ</subfield></datafield><datafield ind1=" " ind2=" " tag="042"><subfield code="a">msc</subfield></datafield><datafield ind1="0" ind2="4" tag="245"><subfield code="a">The East Feliciana watchman.</subfield></datafield><datafield ind1="3" ind2="0" tag="246"><subfield code="a">Watchman</subfield></datafield><datafield ind1="1" ind2="3" tag="246"><subfield code="a">Citizen-watchman</subfield><subfield code="f">Sept. 9, 1960-Sept. 30, 1960</subfield></datafield><datafield ind1=" " ind2=" " tag="260"><subfield code="a">Clinton, La. :</subfield><subfield code="b">Malva Haynes Huson</subfield></datafield><datafield ind1=" " ind2=" " tag="310"><subfield code="a">Weekly</subfield></datafield><datafield ind1="0" ind2=" " tag="362"><subfield code="a">Vol. 81, no. 38 (Sept. 9, 1960)-v. 91, no. 15 (Mar. 26, 1970).</subfield></datafield><datafield ind1=" " ind2=" " tag="752"><subfield code="a">United States</subfield><subfield code="b">Louisiana</subfield><subfield code="c">East Feliciana</subfield><subfield code="d">Clinton.</subfield></datafield><datafield ind1="0" ind2="0" tag="780"><subfield code="t">Citizen-watchman</subfield><subfield code="w">(DLC)sn 88064143</subfield></datafield><datafield ind1="0" ind2="0" tag="785"><subfield code="t">Watchman (Clinton, La.)</subfield><subfield code="w">(DLC)sn 88064145</subfield></datafield></record>